@book{Goodfellow-et-al-2016,
    title={Deep Learning},
    author={Ian Goodfellow and Yoshua Bengio and Aaron Courville},
    publisher={MIT Press},
    year={2016}
}

@book{hastie_09_elements-of.statistical-learning,
  added-at = {2010-06-03T15:15:09.000+0200},
  author = {Hastie, Trevor and Tibshirani, Robert and Friedman, Jerome},
  biburl = {https://www.bibsonomy.org/bibtex/200d858c0bd2826d4eb5f39450192d1f5/ukoethe},
  edition = 2,
  file = {:Books\\HastieTibshiraniFriedman-09-Elements-of-Statistical-Learning-2nd-edition\\hastie_09_elements-of.statistical-learning.pdf:PDF},
  interhash = {52d1772f39be836e3b298d37b8c0cfa1},
  intrahash = {00d858c0bd2826d4eb5f39450192d1f5},
  keywords = {inference mathmatics dataanalysis method clutering statistics},
  publisher = {Springer},
  timestamp = {2010-06-03T15:15:09.000+0200},
  title = {The elements of statistical learning: data mining, inference and prediction},
  url = {http://www-stat.stanford.edu/~tibs/ElemStatLearn/},
  year = 2009
}

@book{tesi-michele,
    title={Application of LSTM Neural Networks in Spotting Respiratory Asynchronies in Mechanically Ventilated Patients},
    author={Michele Rispoli and Luca Bortolussi},
    
    year={2017}
}

@book{tesi-quintavalle,
    title={Un Approccio Innovativo Per Il Riconoscimento Automatico Delle Asincronie Respiratorie},
    author={Quintavalle F. and Lucangelo U., Fabris F.},
    year={2015}
}


@book{dropout,
    title={Dropout: A Simple Way to Prevent Neural Networks from Overfitting},
    author={Srivastava et al.},
    publisher={Journal of Machine Learning Research},
    year={2014}
}

@inproceedings{43442,
title	= {Batch Normalization: Accelerating Deep Network Training by Reducing Internal Covariate Shift},
author	= {Sergey Ioffe and Christian Szegedy},
year	= {2015},
URL	= {http://jmlr.org/proceedings/papers/v37/ioffe15.pdf},
pages	= {448-456}
}

@book{budinich,
    title={Introduzione alla Teoria delle Reti Neurali},
    author={Marco Budinich},
}
